%YAML 1.1
%TAG !u! tag:unity3d.com,2011:
--- !u!1 &4067161287119470220
GameObject:
  m_ObjectHideFlags: 0
  m_CorrespondingSourceObject: {fileID: 0}
  m_PrefabInstance: {fileID: 0}
  m_PrefabAsset: {fileID: 0}
  serializedVersion: 6
  m_Component:
  - component: {fileID: 5960459995076268489}
  - component: {fileID: 1413316878701268311}
  - component: {fileID: 7106921938503131805}
  - component: {fileID: 3273897964416433941}
  - component: {fileID: 3130031576996247771}
  m_Layer: 6
  m_Name: TrapBomb 1 1
  m_TagString: Untagged
  m_Icon: {fileID: 0}
  m_NavMeshLayer: 0
  m_StaticEditorFlags: 0
  m_IsActive: 1
--- !u!4 &5960459995076268489
Transform:
  m_ObjectHideFlags: 0
  m_CorrespondingSourceObject: {fileID: 0}
  m_PrefabInstance: {fileID: 0}
  m_PrefabAsset: {fileID: 0}
  m_GameObject: {fileID: 4067161287119470220}
  serializedVersion: 2
  m_LocalRotation: {x: 0, y: 0, z: 0, w: 1}
  m_LocalPosition: {x: 3.9712, y: 0, z: 1.597}
  m_LocalScale: {x: 0.2404494, y: 0.17367604, z: 0.20861168}
  m_ConstrainProportionsScale: 0
  m_Children:
  - {fileID: 6443748161770142214}
  - {fileID: 3002457251156410661}
  m_Father: {fileID: 0}
  m_LocalEulerAnglesHint: {x: 0, y: 0, z: 0}
--- !u!33 &1413316878701268311
MeshFilter:
  m_ObjectHideFlags: 0
  m_CorrespondingSourceObject: {fileID: 0}
  m_PrefabInstance: {fileID: 0}
  m_PrefabAsset: {fileID: 0}
  m_GameObject: {fileID: 4067161287119470220}
  m_Mesh: {fileID: 10202, guid: 0000000000000000e000000000000000, type: 0}
--- !u!23 &7106921938503131805
MeshRenderer:
  m_ObjectHideFlags: 0
  m_CorrespondingSourceObject: {fileID: 0}
  m_PrefabInstance: {fileID: 0}
  m_PrefabAsset: {fileID: 0}
  m_GameObject: {fileID: 4067161287119470220}
  m_Enabled: 0
  m_CastShadows: 1
  m_ReceiveShadows: 1
  m_DynamicOccludee: 1
  m_StaticShadowCaster: 0
  m_MotionVectors: 1
  m_LightProbeUsage: 1
  m_ReflectionProbeUsage: 1
  m_RayTracingMode: 2
  m_RayTraceProcedural: 0
  m_RenderingLayerMask: 1
  m_RendererPriority: 0
  m_Materials:
  - {fileID: 2100000, guid: 31321ba15b8f8eb4c954353edc038b1d, type: 2}
  m_StaticBatchInfo:
    firstSubMesh: 0
    subMeshCount: 0
  m_StaticBatchRoot: {fileID: 0}
  m_ProbeAnchor: {fileID: 0}
  m_LightProbeVolumeOverride: {fileID: 0}
  m_ScaleInLightmap: 1
  m_ReceiveGI: 1
  m_PreserveUVs: 0
  m_IgnoreNormalsForChartDetection: 0
  m_ImportantGI: 0
  m_StitchLightmapSeams: 1
  m_SelectedEditorRenderState: 3
  m_MinimumChartSize: 4
  m_AutoUVMaxDistance: 0.5
  m_AutoUVMaxAngle: 89
  m_LightmapParameters: {fileID: 0}
  m_SortingLayerID: 0
  m_SortingLayer: 0
  m_SortingOrder: 0
  m_AdditionalVertexStreams: {fileID: 0}
--- !u!65 &3273897964416433941
BoxCollider:
  m_ObjectHideFlags: 0
  m_CorrespondingSourceObject: {fileID: 0}
  m_PrefabInstance: {fileID: 0}
  m_PrefabAsset: {fileID: 0}
  m_GameObject: {fileID: 4067161287119470220}
  m_Material: {fileID: 0}
  m_IncludeLayers:
    serializedVersion: 2
    m_Bits: 128
  m_ExcludeLayers:
    serializedVersion: 2
    m_Bits: 119
  m_LayerOverridePriority: 0
  m_IsTrigger: 1
  m_ProvidesContacts: 0
  m_Enabled: 1
  serializedVersion: 3
  m_Size: {x: 16.058321, y: 4.8139935, z: 19.749449}
  m_Center: {x: -0.15326852, y: 1.9069965, z: -0.23398481}
--- !u!114 &3130031576996247771
MonoBehaviour:
  m_ObjectHideFlags: 0
  m_CorrespondingSourceObject: {fileID: 0}
  m_PrefabInstance: {fileID: 0}
  m_PrefabAsset: {fileID: 0}
  m_GameObject: {fileID: 4067161287119470220}
  m_Enabled: 1
  m_EditorHideFlags: 0
  m_Script: {fileID: 11500000, guid: 067f3274ee6545142a6c2b11759b8dc7, type: 3}
  m_Name: 
  m_EditorClassIdentifier: 
--- !u!1 &7989577854770636452
GameObject:
  m_ObjectHideFlags: 0
  m_CorrespondingSourceObject: {fileID: 0}
  m_PrefabInstance: {fileID: 0}
  m_PrefabAsset: {fileID: 0}
  serializedVersion: 6
  m_Component:
  - component: {fileID: 6443748161770142214}
  - component: {fileID: 7465930579927023967}
  - component: {fileID: 6432192557436407465}
  - component: {fileID: 5004546859888268562}
  m_Layer: 6
  m_Name: Cylinder
  m_TagString: Untagged
  m_Icon: {fileID: 0}
  m_NavMeshLayer: 0
  m_StaticEditorFlags: 0
  m_IsActive: 1
--- !u!4 &6443748161770142214
Transform:
  m_ObjectHideFlags: 0
  m_CorrespondingSourceObject: {fileID: 0}
  m_PrefabInstance: {fileID: 0}
  m_PrefabAsset: {fileID: 0}
  m_GameObject: {fileID: 7989577854770636452}
  serializedVersion: 2
  m_LocalRotation: {x: 0, y: 0, z: 0, w: 1}
  m_LocalPosition: {x: 0, y: 2.148, z: 0}
  m_LocalScale: {x: 0.461, y: 1.6908438, z: 0.461}
  m_ConstrainProportionsScale: 0
  m_Children: []
  m_Father: {fileID: 5960459995076268489}
  m_LocalEulerAnglesHint: {x: 0, y: 0, z: 0}
--- !u!33 &7465930579927023967
MeshFilter:
  m_ObjectHideFlags: 0
  m_CorrespondingSourceObject: {fileID: 0}
  m_PrefabInstance: {fileID: 0}
  m_PrefabAsset: {fileID: 0}
  m_GameObject: {fileID: 7989577854770636452}
  m_Mesh: {fileID: 10206, guid: 0000000000000000e000000000000000, type: 0}
--- !u!23 &6432192557436407465
MeshRenderer:
  m_ObjectHideFlags: 0
  m_CorrespondingSourceObject: {fileID: 0}
  m_PrefabInstance: {fileID: 0}
  m_PrefabAsset: {fileID: 0}
  m_GameObject: {fileID: 7989577854770636452}
  m_Enabled: 0
  m_CastShadows: 1
  m_ReceiveShadows: 1
  m_DynamicOccludee: 1
  m_StaticShadowCaster: 0
  m_MotionVectors: 1
  m_LightProbeUsage: 1
  m_ReflectionProbeUsage: 1
  m_RayTracingMode: 2
  m_RayTraceProcedural: 0
  m_RenderingLayerMask: 1
  m_RendererPriority: 0
  m_Materials:
  - {fileID: 2100000, guid: 31321ba15b8f8eb4c954353edc038b1d, type: 2}
  m_StaticBatchInfo:
    firstSubMesh: 0
    subMeshCount: 0
  m_StaticBatchRoot: {fileID: 0}
  m_ProbeAnchor: {fileID: 0}
  m_LightProbeVolumeOverride: {fileID: 0}
  m_ScaleInLightmap: 1
  m_ReceiveGI: 1
  m_PreserveUVs: 0
  m_IgnoreNormalsForChartDetection: 0
  m_ImportantGI: 0
  m_StitchLightmapSeams: 1
  m_SelectedEditorRenderState: 3
  m_MinimumChartSize: 4
  m_AutoUVMaxDistance: 0.5
  m_AutoUVMaxAngle: 89
  m_LightmapParameters: {fileID: 0}
  m_SortingLayerID: 0
  m_SortingLayer: 0
  m_SortingOrder: 0
  m_AdditionalVertexStreams: {fileID: 0}
--- !u!136 &5004546859888268562
CapsuleCollider:
  m_ObjectHideFlags: 0
  m_CorrespondingSourceObject: {fileID: 0}
  m_PrefabInstance: {fileID: 0}
  m_PrefabAsset: {fileID: 0}
  m_GameObject: {fileID: 7989577854770636452}
  m_Material: {fileID: 0}
  m_IncludeLayers:
    serializedVersion: 2
    m_Bits: 0
  m_ExcludeLayers:
    serializedVersion: 2
    m_Bits: 0
  m_LayerOverridePriority: 0
  m_IsTrigger: 0
  m_ProvidesContacts: 0
  m_Enabled: 1
  serializedVersion: 2
  m_Radius: 0.5000001
  m_Height: 2
  m_Direction: 1
  m_Center: {x: 0.000000059604645, y: 0, z: -0.00000008940697}
--- !u!1001 &3323770372415039182
PrefabInstance:
  m_ObjectHideFlags: 0
  serializedVersion: 2
  m_Modification:
    serializedVersion: 3
    m_TransformParent: {fileID: 5960459995076268489}
    m_Modifications:
    - target: {fileID: -8679921383154817045, guid: b40d02fa4eafd484bb49f2d6d3f908f0,
        type: 3}
      propertyPath: m_LocalScale.x
      value: 6.7980905
      objectReference: {fileID: 0}
    - target: {fileID: -8679921383154817045, guid: b40d02fa4eafd484bb49f2d6d3f908f0,
        type: 3}
      propertyPath: m_LocalScale.y
      value: 6.7980905
      objectReference: {fileID: 0}
    - target: {fileID: -8679921383154817045, guid: b40d02fa4eafd484bb49f2d6d3f908f0,
        type: 3}
      propertyPath: m_LocalScale.z
      value: 6.7980905
      objectReference: {fileID: 0}
    - target: {fileID: -8679921383154817045, guid: b40d02fa4eafd484bb49f2d6d3f908f0,
        type: 3}
      propertyPath: m_LocalPosition.x
      value: -4.55
      objectReference: {fileID: 0}
    - target: {fileID: -8679921383154817045, guid: b40d02fa4eafd484bb49f2d6d3f908f0,
        type: 3}
      propertyPath: m_LocalPosition.y
      value: -0.43
      objectReference: {fileID: 0}
    - target: {fileID: -8679921383154817045, guid: b40d02fa4eafd484bb49f2d6d3f908f0,
        type: 3}
      propertyPath: m_LocalPosition.z
      value: 0.0013236802
      objectReference: {fileID: 0}
    - target: {fileID: -8679921383154817045, guid: b40d02fa4eafd484bb49f2d6d3f908f0,
        type: 3}
      propertyPath: m_LocalRotation.w
      value: -0.000000030908623
      objectReference: {fileID: 0}
    - target: {fileID: -8679921383154817045, guid: b40d02fa4eafd484bb49f2d6d3f908f0,
        type: 3}
      propertyPath: m_LocalRotation.x
      value: 0.000000030908623
      objectReference: {fileID: 0}
    - target: {fileID: -8679921383154817045, guid: b40d02fa4eafd484bb49f2d6d3f908f0,
        type: 3}
      propertyPath: m_LocalRotation.y
      value: 0.7071068
      objectReference: {fileID: 0}
    - target: {fileID: -8679921383154817045, guid: b40d02fa4eafd484bb49f2d6d3f908f0,
        type: 3}
      propertyPath: m_LocalRotation.z
      value: 0.7071068
      objectReference: {fileID: 0}
    - target: {fileID: -8679921383154817045, guid: b40d02fa4eafd484bb49f2d6d3f908f0,
        type: 3}
      propertyPath: m_LocalEulerAnglesHint.x
      value: 0
      objectReference: {fileID: 0}
    - target: {fileID: -8679921383154817045, guid: b40d02fa4eafd484bb49f2d6d3f908f0,
        type: 3}
      propertyPath: m_LocalEulerAnglesHint.y
      value: 0
      objectReference: {fileID: 0}
    - target: {fileID: -8679921383154817045, guid: b40d02fa4eafd484bb49f2d6d3f908f0,
        type: 3}
      propertyPath: m_LocalEulerAnglesHint.z
      value: 0
      objectReference: {fileID: 0}
    - target: {fileID: 919132149155446097, guid: b40d02fa4eafd484bb49f2d6d3f908f0,
        type: 3}
      propertyPath: m_Name
      value: Trap
      objectReference: {fileID: 0}
    m_RemovedComponents: []
    m_RemovedGameObjects: []
    m_AddedGameObjects: []
    m_AddedComponents: []
  m_SourcePrefab: {fileID: 100100000, guid: b40d02fa4eafd484bb49f2d6d3f908f0, type: 3}
--- !u!4 &3002457251156410661 stripped
Transform:
  m_CorrespondingSourceObject: {fileID: -8679921383154817045, guid: b40d02fa4eafd484bb49f2d6d3f908f0,
    type: 3}
  m_PrefabInstance: {fileID: 3323770372415039182}
  m_PrefabAsset: {fileID: 0}
